@misc{nakamoto2008,
  author = {S. Nakamoto},
  title = {Bitcoin: A Peer-to-Peer Electronic Cash System},
  year = {2008},
  url = {https://bitcoin.org/bitcoin.pdf}
}

@misc{buterin2013,
  author = {V. Buterin},
  title = {Ethereum: A Next-Generation Smart Contract and Decentralized Application Platform},
  year = {2013},
  url = {https://ethereum.org/en/whitepaper/}
}

@inproceedings{zyskind2015,
  author = {G. Zyskind and O. Nathan},
  title = {Decentralizing Privacy: Using Blockchain to Protect Personal Data},
  booktitle = {Proceedings of the 2015 IEEE Security and Privacy Workshops},
  pages = {180--184},
  year = {2015},
  publisher = {IEEE}
}

@article{kuo2018,
  author = {T. T. Kuo and L. Ohno-Machado},
  title = {Blockchain Distributed Ledger Technologies for Health Care: Systematic Review},
  journal = {Journal of Medical Internet Research},
  volume = {20},
  number = {12},
  pages = {e209},
  year = {2018}
}

@book{ranjan2018,
  author = {P. Ranjan},
  title = {Cloud Computing: Concepts, Technology \& Architecture},
  publisher = {Prentice Hall},
  year = {2018}
}

@article{kauffman2001,
  author = {R. J. Kauffman and E. A. Walden},
  title = {Economics of the Internet: The Role of Information Technology in the Energy Sector},
  journal = {Journal of Economic Perspectives},
  volume = {15},
  number = {1},
  pages = {3--22},
  year = {2001},
  doi = {10.1257/jep.15.1.3}
}

@article{hirth2015,
  author = {L. Hirth and I. Ziegenhagen},
  title = {Balancing Power and Renewables: The Role of Flexibility in the Energy Transition},
  journal = {Energy Economics},
  volume = {52},
  pages = {1--12},
  year = {2015},
  doi = {10.1016/j.eneco.2015.09.002}
}

@article{shannon1948,
  author = {C. E. Shannon},
  title = {A Mathematical Theory of Communication},
  journal = {Bell System Technical Journal},
  volume = {27},
  number = {3},
  pages = {379--423},
  year = {1948},
  doi = {10.1002/j.1538-7305.1948.tb00917.x}
}

@book{cover2006,
  author = {T. M. Cover and J. A. Thomas},
  title = {Elements of Information Theory},
  edition = {2nd},
  publisher = {Wiley-Interscience},
  year = {2006}
}

@techreport{catalini2016,
  author = {C. Catalini and J. S. Gans},
  title = {Some Simple Economics of the Blockchain},
  institution = {National Bureau of Economic Research},
  year = {2016},
  doi = {10.3386/w22952}
}

@book{mougayar2016,
  author = {W. Mougayar},
  title = {The Business Blockchain: Promise, Practice, and the Application of the Next Internet Internet Internet},
  publisher = {Wiley},
  year = {2016}
}

@misc{szabo1997,
  author = {N. Szabo},
  title = {The Idea of Smart Contracts},
  year = {1997},
  url = {http://www.iamnathan.com/SmartContracts.pdf}
}

@article{christidis2016,
  author = {K. Christidis and M. Devetsikiotis},
  title = {Blockchains and Smart Contracts for the Internet of Things},
  journal = {IEEE Access},
  volume = {4},
  pages = {2292--2303},
  year = {2016},
  doi = {10.1109/ACCESS.2016.2566339}
}

@article{liu2019,
  author = {Y. Liu and Y. Zhao},
  title = {Blockchain Technology in the Energy Sector: A Review},
  journal = {Renewable and Sustainable Energy Reviews},
  volume = {100},
  pages = {1--12},
  year = {2019},
  doi = {10.1016/j.rser.2018.10.021}
}

@article{zhang2020,
  author = {Y. Zhang and Y. Wang},
  title = {A Survey on Blockchain Technology in Energy Systems: Applications, Challenges, and Future Directions},
  journal = {IEEE Transactions on Smart Grid},
  volume = {11},
  number = {6},
  pages = {4870--4881},
  year = {2020},
  doi = {10.1109/TSG.2020.2971234}
}

@article{ambuehl2017belief,
  title={Belief Updating and the Demand for Information},
  author={Ambuehl, Sandro and Li, Shengwu},
  journal={SSRN Electronic Journal},
  year={2017},
  doi={10.2139/ssrn.2461904},
  url={https://papers.ssrn.com/sol3/papers.cfm?abstract_id=2461904}
}

@book{benyus1997biomimicry,
  title={Biomimicry: Innovation Inspired by Nature},
  author={Benyus, Janine M.},
  year={1997},
  publisher={William Morrow and Company},
  address={New York, NY},
  isbn={978-0-688-16099-9}
}

@inproceedings{doignon1985spaces,
  title={Spaces for the assessment of knowledge},
  author={Doignon, Jean-Paul and Falmagne, Jean-Claude},
  booktitle={International Journal of Man-Machine Studies},
  volume={23},
  number={2},
  pages={175--196},
  year={1985},
  publisher={Elsevier}
}

@article{bookstein1976general,
  title={A General Mathematical Model for Information Retrieval Systems},
  author={Bookstein, Abraham and Cooper, William S.},
  journal={Journal of the American Society for Information Science},
  volume={27},
  number={4},
  pages={197--206},
  year={1976},
  publisher={Wiley Online Library},
  doi={10.1002/asi.4630270405}
}

@book{stallings2017cryptography,
  title={Cryptography and Network Security: Principles and Practice},
  author={Stallings, William},
  year={2017},
  publisher={Pearson},
  edition={7th},
  isbn={978-0134444284}
}

@book{mankiw2017principles,
  title={Principles of Economics},
  author={Mankiw, N. Gregory},
  year={2017},
  publisher={Cengage Learning},
  edition={7th},
  isbn={978-1-305-25496-1}
}

@article{bousso2002holographic,
  title={The holographic principle},
  author={Bousso, Raphael},
  journal={Reviews of Modern Physics},
  volume={74},
  number={3},
  pages={825--874},
  year={2002},
  publisher={American Physical Society},
  doi={10.1103/RevModPhys.74.825}
}

@article{englehardt2017decoding,
  title={Decoding the Apparent Horizon: A Coarse-Grained Holographic Entropy},
  author={Engelhardt, Netta and Wall, Aron C.},
  journal={Physical Review D},
  volume={95},
  number={8},
  pages={086002},
  year={2017},
  publisher={American Physical Society},
  doi={10.1103/PhysRevD.95.086002}
}

@article{britannica_energy,
  title={Energy},
  author={Encyclopædia Britannica},
  journal={Encyclopædia Britannica},
  year={2025},
  url={https://www.britannica.com/science/energy}
}
